@MISC{ORWiki,
  author="Wikimedia Foundation Inc.",
  title="Operations research",
  howpublished="\url{https://en.wikipedia.org/wiki/Operations_research}",
}
@MISC{CSPWiki,
  author="Wikimedia Foundation Inc.",
  title="Constraint satisfaction problem",
  howpublished="\url{https://en.wikipedia.org/wiki/Constraint_satisfaction_problem}",
}
@MISC{Timetabler,
  author="October ReSolutions Ltd.",
  title="Timetabler",
  howpublished="\url{https://www.timetabler.com/}",
}
@MISC{UniTime,
  author="Tomáš Müller, Purdue University",
  title="UniTime",
  howpublished="\url{https://www.unitime.org/}",
}
@MISC{ORTD,
  author="Google Inc.",
  title="OR-Tools Documentation",
  howpublished="\url{https://developers.google.com/optimization/}",
}
@MISC{ORTS,
  author="Google Inc.",
  title="OR-Tools on GitHub",
  howpublished="\url{https://github.com/google/or-tools}",
}

